@article{Google2009,
  author  = {Ginsberg, Jeremy and Mohebbi, Matthew H. and Patel, Rajan S. and Brammer, Lynnette and Smolinski, Mark S. and Brilliant, Larry},
  title   = {Detecting influenza epidemics using search engine query data},
  journal = {Nature},
  year    = {2009},
  volume  = {457},
  number  = {7232},
  pages   = {1012--1014},
  doi     = {10.1038/nature07634},
  url     = {https://doi.org/10.1038/nature07634}
}

@misc{DANE2025b,
  author       = {{DANE}},
  title        = {Resultados: Pobreza Monetaria 2024},
  year         = {2025},
  month        = jul,
  institution  = {Departamento Administrativo Nacional de Estad\'istica (DANE)},
  url          = {https://www.dane.gov.co/files/operaciones/PM/pres-PM-2024.pdf},
  urldate      = {2025-10-19},
  language     = {es},
  note         = {Presentaci\'on}
}

@techreport{DANE2025a,
  author       = {{DANE}},
  title        = {Ficha metodol\'ogica: Estad\'isticas medidas de pobreza},
  institution  = {Direcci\'on de Metodolog\'ia y Producci\'on Estad\'istica (DIMPE), Departamento Administrativo Nacional de Estad\'istica (DANE)},
  year         = {2025},
  month        = jun,
  type         = {Documento t\'ecnico},
  url          = {https://www.dane.gov.co/files/operaciones/PM/DSO-EMP-FME-001_F_V2.pdf},
  urldate      = {2025-10-19},
  language     = {es}
}


@online{DANE2025c,
  author = {DANE},
  title  = {Gran Encuesta Integrada de Hogares (GEIH) hist\'oricos},
  year   = {2025},
  note   = {Recuperado el 7 de septiembre de 2025},
  url    = {https://www.dane.gov.co/index.php/estadisticas-por-tema/mercado-laboral/empleo-y-desempleo/geih-historicos}
}

@online{DrivenData2018Poverty,
  author       = {{DrivenData}},
  title        = {Predicting Poverty â€” World Bank},
  subtitle     = {Pover-T Tests: Predicting Poverty},
  year         = {2018},
  month        = {02},
  note         = {Competition page},
  url          = {https://www.drivendata.org/competitions/50/worldbank-poverty-prediction/page/97/},
  urldate      = {2025-10-18},
  organization = {World Bank}
}


@book{Mincer1974,
  author    = {Mincer, Jacob},
  title     = {Schooling, Experience, and Earnings},
  year      = {1974},
  address   = {New York},
  publisher = {Columbia University Press for the National Bureau of Economic Research},
  isbn      = {0-87014-265-8}
}

@article{Friedman2001,
  author  = {Friedman, Jerome H.},
  year    = {2001},
  title   = {Greedy function approximation: A gradient boosting machine},
  journal = {The Annals of Statistics},
  volume  = {29},
  number  = {5},
  pages   = {1189--1232}
}

@article{Friedman2002,
  author  = {Friedman, Jerome H.},
  year    = {2002},
  title   = {Stochastic gradient boosting},
  journal = {Computational Statistics \& Data Analysis},
  volume  = {38},
  number  = {4},
  pages   = {367--378}
}

}

@inproceedings{ChenGuestrin2016,
  author    = {Chen, Tianqi and Guestrin, Carlos},
  title     = {XGBoost: A scalable tree boosting system},
  booktitle = {Proceedings of the 22nd ACM SIGKDD International Conference on Knowledge Discovery and Data Mining},
  year      = {2016},
  pages     = {785--794},
  doi       = {10.1145/2939672.2939785}
}

@book{HastieTibshiraniFriedman2009,
  author    = {Hastie, Trevor and Tibshirani, Robert and Friedman, Jerome},
  title     = {The Elements of Statistical Learning: Data Mining, Inference, and Prediction},
  edition   = {2},
  year      = {2009},
  publisher = {Springer}
}

